[gd_scene load_steps=11 format=2]

[ext_resource path="res://game/HandGUI.tscn" type="PackedScene" id=1]
[ext_resource path="res://assets/crossair.png" type="Texture" id=2]
[ext_resource path="res://game/cursor.gd" type="Script" id=3]
[ext_resource path="res://game/DebugButton.gd" type="Script" id=4]
[ext_resource path="res://game/StatsUI.gd" type="Script" id=5]

[sub_resource type="StyleBoxFlat" id=1]
bg_color = Color( 0.407843, 0.0862745, 0.0862745, 1 )
skew = Vector2( 0.5, 0 )
border_width_right = 2
border_color = Color( 0.901961, 0.505882, 0.0431373, 1 )
border_blend = true
corner_detail = 1
shadow_size = 1
shadow_offset = Vector2( 0, 4 )

[sub_resource type="StyleBoxFlat" id=2]
bg_color = Color( 0.572549, 0.521569, 0.521569, 1 )
skew = Vector2( 0.5, 0 )
expand_margin_left = 2.0
expand_margin_right = 2.0
expand_margin_top = 2.0
expand_margin_bottom = 5.0

[sub_resource type="StyleBoxFlat" id=3]
bg_color = Color( 0.133333, 0.184314, 0.462745, 1 )
skew = Vector2( 0.5, 0 )
border_width_right = 1
border_color = Color( 0.054902, 0.376471, 0.462745, 1 )
border_blend = true
corner_detail = 1
shadow_size = 4
shadow_offset = Vector2( 0, 3 )

[sub_resource type="StyleBoxFlat" id=4]
bg_color = Color( 0.14902, 0.67451, 0.415686, 1 )
skew = Vector2( 0.5, 0 )
border_width_right = 1
border_blend = true
corner_detail = 1

[sub_resource type="StyleBoxEmpty" id=5]

[node name="GUI" type="Control"]
anchor_right = 1.0
anchor_bottom = 1.0

[node name="cursor" type="Sprite" parent="."]
texture = ExtResource( 2 )
script = ExtResource( 3 )

[node name="HandGUI" parent="." instance=ExtResource( 1 )]

[node name="DebugMenu" type="PanelContainer" parent="."]
margin_left = 1153.0
margin_top = 666.0
margin_right = 1225.0
margin_bottom = 706.0
__meta__ = {
"_edit_group_": true
}

[node name="DebugButton" type="MenuButton" parent="DebugMenu"]
margin_left = 7.0
margin_top = 7.0
margin_right = 65.0
margin_bottom = 33.0
text = "DEBUG"
items = [ "Draw a card", null, 0, false, false, 0, 0, null, "", false, "Spawn Enemy", null, 0, false, false, 1, 0, null, "", false ]
script = ExtResource( 4 )

[node name="StatsUI" type="Control" parent="."]
margin_right = 40.0
margin_bottom = 40.0
script = ExtResource( 5 )

[node name="HpBar" type="ProgressBar" parent="StatsUI"]
margin_left = 31.0
margin_top = 15.0
margin_right = 342.0
margin_bottom = 29.0
custom_styles/fg = SubResource( 1 )
custom_styles/bg = SubResource( 2 )
value = 80.0

[node name="MpBar" type="ProgressBar" parent="StatsUI"]
margin_left = 31.0
margin_top = 41.0
margin_right = 342.0
margin_bottom = 55.0
custom_styles/fg = SubResource( 3 )
custom_styles/bg = SubResource( 2 )
max_value = 10.0
value = 5.0

[node name="CdBar" type="ProgressBar" parent="StatsUI"]
margin_left = 28.0
margin_top = 52.0
margin_right = 339.0
margin_bottom = 55.0
custom_styles/fg = SubResource( 4 )
custom_styles/bg = SubResource( 5 )
max_value = 10.0
value = 5.0
percent_visible = false
